@book{Bergamini,
  author    = {Keith Davis and John W. Newstrom},
  title     = {Comportamento Humano no Trabalho: uma abordagem organizacional},
  year      = {1992},
  volume    = {2},
  publisher = {Pioneira},
  address   = {São Paulo},
}



@mastersthesis{Alves,
  author       = {Vânia Alves Lourenço and Fábio Queda Bueno da Silva},
  title        = {Gerenciamento das comunicações em projetos de software: o problema da efetividade das comunicações},
  year         = {2011},
  school       = {Universidade Federal de Pernambuco},
  address      = {Recife},
  type         = {Dissertação de Mestrado},
  note         = {Programa de Pós-Graduação em Ciência da Computação},
}

@book{PMBOK,
  author    = {Project Management Institute},
  title     = {PMBOK: Um guia do conhecimento em gerenciamento de projetos},
  edition   = {5},
  year      = {2013},
  publisher = {Project Management Institute},
}


@inproceedings{Rajkumar,
  author    = {S. Rajkumar},
  title     = {Art of communication in project management},
  year      = {2010},
  booktitle = {PMI® Research Conference: Defining the Future of Project Management},
  address   = {Washington, DC},
  publisher = {Project Management Institute},
  note      = {Newtown Square, PA},
}




@misc{Leonardo,
  author    = {Jaime Leonardo Díaz Bonilla and others},
  title     = {Curso de Produção de documentos digitais utilizando o LATEX},
  year      = {2019},
  note      = {Disponível em: [inserir o link, se aplicável]},
}

@misc{izumi2019seguranca,
  author    = {Paulo Teruo Izumi and Daiane Mastrangelo Tomazeti},
  title     = {Segurança e Privacidade: Proteção e tratamento de dados nos aplicativos de redes sociais},
  year      = {2019},
  note      = {Disponível em: [inserir o link, se aplicável]},
}

@misc{Izumi,
  author    = {Paulo Teruo Izumi and Daiane Mastrangelo Tomazeti},
  title     = {Segurança e Privacidade: Proteção e tratamento de dados nos aplicativos de redes sociais},
  year      = {2019},
  note      = {Disponível em: [inserir o link, se aplicável]},
}

@article{Michelle,
  author    = {Michelle Lucas Cardoso Balbino and Cléria Marcelina Nunes and Eduarda Macedo Braga and Eduardo Miranda Gomes and Lynda Krys Queiroz Vida and Matheus Freitas Moreira},
  title     = {Privacidade e proteção de dados nas redes sociais},
  journal   = {Scientia Generalis},
  year      = {2022},
  volume    = {2},
  number    = {Supl.1},
  pages     = {12--12},
  note      = {Disponível em: [inserir o link, se aplicável]},
}

@article{Teixeira ,
  author    = {D. A. de O. Teixeira  and F. L. Nascimento},
  title     = {Ensino remoto: o uso do Google Meet na pandemia da COVID-19},
  journal   = {Boletim de Conjuntura (BOCA)},
  year      = {2021},
  volume    = {7},
  number    = {19},
  pages     = {44--61},
  doi       = {10.5281/zenodo.5028436},
  note      = {Disponível em: [inserir o link, se aplicável]},
}

@article{Andrelo,
  author    = {Roseane Andrelo and Guilherme Ferreira de Oliveira},
  title     = {Comunicação e cultura organizacional no home office: perspectivas de líderes na pandemia},
  journal   = {Organicom},
  year      = {2023},
  volume    = {20},
  number    = {43},
  pages     = {69--81},
}

@mastersthesis{Bernardo,
  author    = {Bernardo Alves da Silva Almeida},
  title     = {A importância da comunicação entre criadores e jogadores na indústria dos videojogos},
  year      = {2019},
  type      = {Dissertação de Mestrado},
  school    = {ISCTE-Instituto Universitário de Lisboa},
  address   = {Lisboa, Portugal},
}

